%% Journal article
@article{arriaga1984measuring,
  title={Measuring and explaining the change in life expectancies},
  author={Arriaga, Eduardo E},
  journal={Demography},
  volume={21},
  pages={83--96},
  year={1984},
  publisher={Springer},
  DOI = "10.2307/2061029"
}
@article{andreev2002algorithm,
  title={Algorithm for decomposition of differences between aggregate demographic measures and its application to life expectancies, healthy life expectancies, parity-progression ratios and total fertility rates},
  author={Andreev, Evgueni M and Shkolnikov, Vladimir M and Begun, Alexander Z},
  journal={{Demographic Research}},
  volume={7},
  pages={499--522},
  year={2002},
  publisher={JSTOR}
}
@article{kitagawa1955components,
  title={Components of a difference between two rates},
  author={Kitagawa, Evelyn M},
  journal={Journal of the american statistical association},
  volume={50},
  number={272},
  pages={1168--1194},
  year={1955},
  publisher={Taylor \& Francis},
  DOI = "10.1080/01621459.1955.10501299"
}

@article{horiuchi2008decomposition,
  title={A decomposition method based on a model of continuous change},
  author={Horiuchi, Shiro and Wilmoth, John R and Pletcher, Scott D},
  journal={Demography},
  volume={45},
  pages={785--801},
  year={2008},
  publisher={Springer},
  DOI = "10.1353/dem.0.0033"
}

@book{preston2000demography,
	Author = {Preston, Samuel and Heuveline, Patrick and Guillot, Michel},
	Publisher = {Wiley-Blackwell},
	Title = {Demography: measuring and modeling population processes},
	Year = {2000}}

@article{wilmoth2021methods,
  title={Methods protocol for the human mortality database. Version 6},
  author={Wilmoth, JR and Andreev, K and Jdanov, D and Glei, DA and Riffe, T and Boe, C and Bubenheim, M and Philipov, D and Shkolnikov, V and Vachon, P, and Winant C, and Barbieri M},
  journal={University of California, Berkeley, and Max Planck Institute for Demographic Research, Rostock. URL: http://mortality.org [version 26/01/2021]},
 year = 2021
}

@article{vaupel2002life,
  title={Life expectancy at current rates vs. current conditions: A reflexion stimulated by Bongaarts and Feeney’s “How long do we live?”},
  author={Vaupel, James W},
  journal={Demographic Research},
  volume={7},
  pages={365--378},
  year={2002},
  publisher={JSTOR}
}

@techreport{wpp2022mp,
  title={World Population Prospects 2022: Methodology of the United Nations population estimates and projections.},
  author={{{UN Population Division}}},
  institution={United Nations},
  year={2022},
  number = {6},
  publisher={UN},
  address = {New York},
  url = {https://population.un.org/wpp/Publications/Files/WPP2022_Methodology.pdf}
}

@Manual{lifeineq,
    title = {LifeIneq: Calculate indices of lifespan variation},
    author = {Tim Riffe and Alyson {van Raalte} and Christian Dudel},
    year = {2024},
    note = {R package version 00.05.01, commit b250c45286dfbb47a2e9d236bfe7191e4429cf32},
    url = {https://github.com/timriffe/LifeIneq},
  }

@article{mackenbach2019determinants,
  title={Determinants of inequalities in life expectancy: an international comparative study of eight risk factors},
  author={Mackenbach, Johan P and Valverde, Jos{\'e} Rubio and Bopp, Matthias and Br{\o}nnum-Hansen, Henrik and Deboosere, Patrick and Kalediene, Ramune and Kov{\'a}cs, Katalin and Leinsalu, Mall and Martikainen, Pekka and Menvielle, Gwenn and others},
  journal={The Lancet Public Health},
  volume={4},
  number={10},
  pages={e529--e537},
  year={2019},
  publisher={Elsevier}
}
@article{Ponnapalli2005,
  title={A comparison of different methods for decomposition of changes in expectation of life at birth and differentials in life expectancy at birth},
  author={Ponnapalli, Krishna Murthy},
  journal={{Demographic Research}},
  volume={12},
  pages={141--172},
  year={2005},
  publisher={JSTOR}
}

@article{trias2023age,
  title={Age and cause-of-death contributions to educational inequalities in life expectancy and lifespan variation in a low-mortality country: A cross-sectional study of 1.67 million deaths in Spain (2016--19)},
  author={Trias-Llim{\'o}s, Sergi and Spijker, Jeroen JA and Blanes, Amand and Permanyer, I{\~n}aki},
  journal={SSM-Population Health},
  volume={23},
  pages={101461},
  year={2023},
  publisher={Elsevier},
  doi = {https://doi.org/10.1016/j.ssmph.2023.101461}
}

@article{muszynska2022mortality,
  title={Mortality rates, life tables and life expectancy under a stationary population composition},
  author={Muszynska-Spielauer, Magdalena and Riffe, Tim},
  year={2022},
  publisher={OSF Preprints},
  doi = {https://doi.org/10.31219/osf.io/rnbf4}
}

@article{gupta1988note,
  title={A note on the consistency of life tables for total populations with those for their subpopulations},
  author={Gupta, Prithwis Das},
  journal={Social biology},
  volume={35},
  number={1-2},
  pages={158--163},
  year={1988},
  publisher={Taylor \& Francis}
}

@article{caswell2021healthy,
  title={Healthy longevity from incidence-based models: More kinds of health than stars in the sky},
  author={Caswell, Hal and van Daalen, Silke},
  journal={Demographic Research},
  volume={45},
  pages={397--452},
  year={2021}
}

@article{caswell2018age,
  title={Age$\times$ stage-classified demographic analysis: a comprehensive approach},
  author={Caswell, Hal and de Vries, Charlotte and Hartemink, Nienke and Roth, Gregory and van Daalen, Silke F},
  journal={Ecological monographs},
  volume={88},
  number={4},
  pages={560--584},
  year={2018},
  publisher={Wiley Online Library}
}

@article{seaman2019changing,
  title={Changing contribution of area-level deprivation to total variance in age at death: a population-based decomposition analysis},
  author={Seaman, Rosie and Riffe, Tim and Caswell, Hal},
  journal={BMJ open},
  volume={9},
  number={3},
  pages={e024952},
  year={2019},
  publisher={British Medical Journal Publishing Group}
}

@Article{mgcv2011,
    title = {Fast stable restricted maximum likelihood and marginal 
likelihood estimation of semiparametric generalized linear models},
    journal = {Journal of the Royal Statistical Society (B)},
    volume = {73},
    number = {1},
    pages = {3-36},
    year = {2011},
    author = {S. N. Wood},
  }


  @Book{mgcv2017,
    title = {Generalized Additive Models: An Introduction with R},
    year = {2017},
    author = {S.N Wood},
    edition = {2},
    publisher = {Chapman and Hall/CRC},
  }

@misc{ine2020asignacion,
  title={Asignaci{\'o}n de nivel educativo, relaci{\'o}n con la actividad laboral y ocupaci{\'o}n a ficheros de Movimiento Natural de la Poblaci{\'o}n (MNP). M{\'e}todo de obtenci{\'o}n y advertencias a usuarios},
  author={INE},
  year={2020},
  publisher={INE (Spanish National Statistics Institute) Madrid, Spain}
}

 @Manual{coddecomp,
    title = {coddecomp: Decompose life expectancy into contributions from rates in
different ages and potentially also causes of death},
    author = {Tim Riffe and David Atance},
    year = {2024},
    note = {R package version 00.00.003, commit c68f942d8f400c6d04914b88a79d408eebbb10f3},
    url = {https://github.com/timriffe/coddecomp},
  }

@article{kitagawa1977mortality,
  title={On mortality},
  author={Kitagawa, Evelyn M},
  journal={Demography},
  volume={14},
  number={4},
  pages={381--389},
  year={1977},
  publisher={JSTOR}
}

@article{kitagawa1968education,
  title={Education differentials in mortality by cause of death: United States, 1960},
  author={Kitagawa, Evelyn M and Hauser, Philip M},
  journal={Demography},
  volume={5},
  number={1},
  pages={318--353},
  year={1968},
  publisher={Duke University Press}
}

@article{hendi2021immigration,
  title={Immigration and improvements in American life expectancy},
  author={Hendi, Arun S and Ho, Jessica Y},
  journal={SSM-Population Health},
  volume={15},
  pages={100914},
  year={2021},
  publisher={Elsevier}
}


@article{torres2019contribution,
  title={The contribution of urbanization to changes in life expectancy in Scotland, 1861--1910},
  author={Torres, Catalina and Canudas-Romo, Vladimir and Oeppen, Jim},
  journal={Population studies},
  volume={73},
  number={3},
  pages={387--404},
  year={2019},
  publisher={Taylor \& Francis}
}

@article{su2023educational,
  title={Educational composition effect on the sex gap in life expectancy: A research note based on evidence from Australia},
  author={Su, Wen and Welsh, Jennifer and Korda, Rosemary J and Canudas-Romo, Vladimir},
  journal={Population Studies},
  pages={1--9},
  year={2023},
  publisher={Taylor \& Francis}
}

@article{su2024subnational,
  title={Subnational contribution to life expectancy and life span variation changes: Evidence from the United States},
  author={Su, Wen and van Raalte, Alyson and Aburto, Jose Manuel and Canudas-Romo, Vladimir},
  journal={Demographic Research},
  volume={50},
  pages={583--624},
  year={2024}
}

@article{pollard1988decomposition,
  title={On the decomposition of changes in expectation of life and differentials in life expectancy},
  author={Pollard, John H},
  journal={Demography},
  volume={25},
  number={2},
  pages={265--276},
  year={1988},
  publisher={Springer}
}

@article{haeberer2020social,
  title={Social inequalities in tobacco-attributable mortality in Spain. The intersection between age, sex and educational level},
  author={Haeberer, Mariana and Le{\'o}n-G{\'o}mez, Inmaculada and P{\'e}rez-G{\'o}mez, Beatriz and T{\'e}llez-Plaza, Mar{\'\i}a and P{\'e}rez-R{\'\i}os, M{\'o}nica and Schiaffino, Anna and Rodr{\'\i}guez-Artalejo, Fernando and Gal{\'a}n, I{\~n}aki},
  journal={PLoS One},
  volume={15},
  number={9},
  pages={e0239866},
  year={2020},
  publisher={Public Library of Science San Francisco, CA USA}
}

@article{ross2012education,
  title={Education and the gender gaps in health and mortality},
  author={Ross, Catherine E and Masters, Ryan K and Hummer, Robert A},
  journal={Demography},
  volume={49},
  pages={1157--1183},
  year={2012},
  publisher={Springer}
}

@article{cook2001knowing,
  title={Knowing the risk: relationships between risk behaviour and health knowledge},
  author={Cook, Penny A and Bellis, Mark A},
  journal={Public health},
  volume={115},
  number={1},
  pages={54--61},
  year={2001},
  publisher={Elsevier}
}

@article{byrnes1999gender,
  title={Gender differences in risk taking: A meta-analysis.},
  author={Byrnes, James P and Miller, David C and Schafer, William D},
  journal={Psychological bulletin},
  volume={125},
  number={3},
  pages={367},
  year={1999},
  publisher={American Psychological Association}
}

@article{kritsotakis2016gender,
  title={Gender differences in the prevalence and clustering of multiple health risk behaviours in young adults},
  author={Kritsotakis, George and Psarrou, Maria and Vassilaki, Maria and Androulaki, Zacharenia and Philalithis, Anastas E},
  journal={Journal of advanced nursing},
  volume={72},
  number={9},
  pages={2098--2113},
  year={2016},
  publisher={Wiley Online Library}
}

@article{olson2017gender,
  title={Gender and health behavior clustering among US young adults},
  author={Olson, Julie Skalamera and Hummer, Robert A and Harris, Kathleen Mullan},
  journal={Biodemography and social biology},
  volume={63},
  number={1},
  pages={3--20},
  year={2017},
  publisher={Taylor \& Francis}
}

@article{lawrence2017college,
  title={Why do college graduates behave more healthfully than those who are less educated?},
  author={Lawrence, Elizabeth M},
  journal={Journal of health and social behavior},
  volume={58},
  number={3},
  pages={291--306},
  year={2017},
  publisher={Sage Publications Sage CA: Los Angeles, CA}
}

@article{ross1995links,
  title={The links between education and health},
  author={Ross, Catherine E and Wu, Chia-ling},
  journal={American sociological review},
  pages={719--745},
  year={1995},
  publisher={JSTOR}
}

@article{ross2012education,
  title={Education and the gender gaps in health and mortality},
  author={Ross, Catherine E and Masters, Ryan K and Hummer, Robert A},
  journal={Demography},
  volume={49},
  pages={1157--1183},
  year={2012},
  publisher={Springer}
}

@book{mcmahon2009higher,
  title={Higher learning, greater good: The private and social benefits of higher education},
  author={McMahon, Walter W},
  year={2009},
  publisher={JHU Press}
}